@inproceedings{tan2014combining,
  title={Combining think-aloud and physiological data to understand video game experiences},
  author={Tan, Chek Tien and Leong, Tuck Wah and Shen, Songjia},
  booktitle={Proceedings of the SIGCHI Conference on Human Factors in Computing Systems},
  pages={381--390},
  year={2014},
  organization={ACM}
}

@inproceedings{lino2008depth,
  title={In-depth observation of video gamers},
  author={Lino, Jorge Alves and Salem, Ben},
  booktitle={International Conference on Entertainment Computing},
  pages={229--231},
  year={2008},
  organization={Springer}
}

@incollection{nacke2015games,
  title={Games user research and physiological game evaluation},
  author={Nacke, Lennart E},
  booktitle={Game user experience evaluation},
  pages={63--86},
  year={2015},
  publisher={Springer}
}

@misc{usabilityta,
  title = {Task Analysis},
  howpublished = {\url{https://www.usability.gov/how-to-and-tools/methods/task-analysis.html}},
  note = {Accessed: 2018-10-10}
}

@incollection{nacke2013introduction,
  title={An introduction to physiological player metrics for evaluating games},
  author={Nacke, Lennart E},
  booktitle={Game Analytics},
  pages={585--619},
  year={2013},
  publisher={Springer}
}

@misc{qualvsquant,
  title = {Qualitative vs. Quantitative Research},
  howpublished = {\url{https://www.simplypsychology.org/qualitative-quantitative.html}},
  note = {Accessed: 2018-10-08}
}

@misc{quantmeth,
  title = {Organizing Your Social Sciences Research Paper: Quantitative Methods},
  howpublished = {\url{https://libguides.usc.edu/writingguide/quantitative}},
  note = {Accessed: 2018-10-10}
}

@misc{usabilitybokta,
  title = {Task Analysis},
  howpublished = {\url{http://www.usabilitybok.org/task-analysis}},
  note = {Accessed: 2018-10-08}
}

@inproceedings{horn2017adapting,
  title={Adapting Cognitive Task Analysis to Elicit the Skill Chain of a Game},
  author={Horn, Britton and Cooper, Seth and Deterding, Sebastian},
  booktitle={Proceedings of the Annual Symposium on Computer-Human Interaction in Play},
  pages={277--289},
  year={2017},
  organization={ACM}
}

@article{stanton2006hierarchical,
  title={Hierarchical task analysis: Developments, applications, and extensions},
  author={Stanton, Neville A},
  journal={Applied ergonomics},
  volume={37},
  number={1},
  pages={55--79},
  year={2006},
  publisher={Elsevier}
}

@inproceedings{annett1971,
  title={Task analysis},
  author={Annett, J., Duncan, K.D., Stammers, R.B. & Gray, M.J.},
  booktitle={Department of Employment Training Information Paper 6},
  year={1971},
  organization={HMSO, London}
}

@misc{quantqual,
  title = {Quantitative and Qualitative Research Methods},
  howpublished = {\url{https://www.skillsyouneed.com/learn/quantitative-and-qualitative.html}},
  note = {Accessed: 2018-10-08}
}

@article{carr1994strengths,
  title={The strengths and weaknesses of quantitative and qualitative research: what method for nursing?},
  author={Carr, Linda T},
  journal={Journal of advanced nursing},
  volume={20},
  number={4},
  pages={716--721},
  year={1994},
  publisher={Wiley Online Library}
}

@book{denscombe2014good,
  title={The good research guide: for small-scale social research projects},
  author={Denscombe, Martyn},
  year={2014},
  publisher={McGraw-Hill Education (UK)}
}

@article{mandryk2008physiological,
  title={Physiological measures for game evaluation},
  author={Mandryk, Regan L},
  journal={Game usability: Advice from the experts for advancing the player experience},
  pages={207--235},
  year={2008},
  publisher={Morgan Kaufmann}
}

@article{taimplementation,
  title={Task Analysis: Steps for Implementation},
  author={Szidon, K., & Franzone, E.},
  pages={207--235},
  year={2009},
  publisher={Madison, WI: National Professional Development Center on Autism Spectrum Disorders, Waisman Center, University of Wisconsin.}
}

@article{hackos1998user,
  title={User and task analysis for interface design},
  author={Hackos, JoAnn T and Redish, Janice},
  year={1998},
  publisher={Wiley New York}
}

@book{jonassen2008handbook,
  title={Handbook of research on educational communications and technology: a project of the association for educational communications and technology},
  author={Jonassen, David and Spector, Michael J and Driscoll, Marcy and Merrill, M David and van Merrienboer, Jeroen and Driscoll, Marcy P},
  year={2008},
  publisher={Routledge}
}